@book{knuth1984,
  title     = {The \TeX book},
  author    = {Knuth, Donald Ervin and Bibby, Duane},
  volume    = {3},
  year      = {1984},
  publisher = {Addison-Wesley Reading}
}
@article{hunter2007,
  author    = {Hunter, J. D.},
  title     = {Matplotlib: A 2D graphics environment},
  journal   = {Computing in Science \& Engineering},
  volume    = {9},
  number    = {3},
  pages     = {90--95},
  doi       = {10.1109/MCSE.2007.55},
  year      = {2007}
}
